
@conference{MED01,
  author = {Медведев И.А.},
  title = {Исследование способов буферизации маршрутизатора в сетях-на-кристалле},
  booktitle = {17-ая Всероссийская межвузовская научно-техническая конференция студентов и аспирантов "Микроэлектроника и информатика - 2010". Тезисы докладов},
  year = {2010},
  pages = {88},
  publisher = {МИЭТ}
}

@conference{PYT01,
  author = {Путря Ф.М., Медведев И.А.},
  title = {Аппаратные методы синхронизации потоков в многоядерном вычислительном кластере},
  booktitle = {Проблемы разработки перспективных микро- и наноэлектронных систем - 2010. Сборник трудов},
  editor = {под общ. ред. академика РАН Стемпковского А.Л.},
  year = {2010},
  pages = {346--361},
  publisher = {ИППМ РАН}
}

@conference{MED02,
  author = {Медведев И.А.},
  title = {Масштабируемые механизмы синхронизации потоков в многоядерных системах},
  booktitle = {Международная научно–техническая конференция "Проектирование систем на кристалле: тенденции развития и проблемы". Тезисы докладов},
  year = {2010},
  pages = {20},
  publisher = {МИЭТ}
}

@conference{MED03,
  author = {Медведев И.А.},
  title = {},
  booktitle = {Тезисы докладов конференции "Зеленоград - Космосу"},
  year = {2011},
  pages = {89}
}

@article{PYT02,
  author = {Путря Ф.М., Медведев И.А.},
  title = {Анализ механизмов синхронизации потоков для систем–на–кристалле с большим числом вычислительных ядер},
  journal = {Известия вузов. Электроника},
  year = {2011},
  number = {3},
  pages = {58--63}
}

@conference{MED04,
  author = {Медведев И.А.},
  title = {Анализ эффективности применения виртуальных каналов для маршрутизации в сети-на-кристалле},
  booktitle = {"54-я научная конференция МФТИ". Тезисы докладов},
  year = {2011},
  pages = {89},
  publisher = {МФТИ}
}

@article{PYT03,
  author = {Путря Ф.М., Медведев И.А.},
  title = {Верификация коммутационной логики для систем и сетей на кристалле},
  journal = {Вопросы радиоэлектроники},
  year = {2012},
  number = {2},
  pages = {56--66}
}

@conference{MED05,
  author = {Медведев И.А.},
  title = {Исследование способов буферизации маршрутизатора в сетях-на-кристалле},
  journal = {19-ая Всероссийская межвузовская научно-техническая конференция студентов и аспирантов "Микроэлектроника и информатика - 2012"},
  year = {2012},
  pages = {},
  publisher = {МИЭТ}
}

@conference{MED06,
  author = {Медведев И.А.},
  title = {Анализ эффективности применения буферизации для маршрутизации в сети-на-кристалле},
  booktitle = {Проблемы разработки перспективных микро- и наноэлектронных систем - 2012. Сборник трудов},
  editor = {под общ. ред. академика РАН Стемпковского А.Л.},
  year = {2012},
  pages = {445--450},
  publisher = {ИППМ РАН}
}





@misc{website:Connect,
  author = "M.K. Papamichael",
  title = "CONfigurable NEtwork Creation Tool",
  month = "March",
  year = "2013",
  url = "http://users.ece.cmu.edu/~mpapamic/connect/"
}

@inproceedings{Klingauf,
  author = {Klingauf, Wolfgang and G\"{u}nzel, Robert and Bringmann, Oliver and Parfuntseu, Pavel and Burton, Mark},
  title = {GreenBus: a generic interconnect fabric for transaction level modelling},
  booktitle = {Proceedings of the 43rd annual Design Automation Conference},
  series = {DAC '06},
  year = {2006},
  isbn = {1-59593-381-6},
  location = {San Francisco, CA, USA},
  pages = {905--910},
  numpages = {6},
  url = {http://doi.acm.org/10.1145/1146909.1147139},
  doi = {10.1145/1146909.1147139},
  acmid = {1147139},
  publisher = {ACM},
  address = {New York, NY, USA},
  keywords = {SoC, SystemC, TLM, on-chip communication},
}

